@article{Smith1975,
  title = {Optimizing the performance of a relational algebra database interface},
  volume = {18},
  ISSN = {1557-7317},
  url = {http://dx.doi.org/10.1145/361020.361025},
  DOI = {10.1145/361020.361025},
  number = {10},
  journal = {Communications of the ACM},
  publisher = {Association for Computing Machinery (ACM)},
  author = {Smith,  John Miles and Chang,  Philip Yen-Tang},
  year = {1975},
  _month = oct,
  _pages = {568–579}
}

@article{Fritsch2023,
  title = {Solving Hard Variants of Database Schema Matching on Quantum Computers},
  volume = {16},
  ISSN = {2150-8097},
  url = {http://dx.doi.org/10.14778/3611540.3611603},
  DOI = {10.14778/3611540.3611603},
  number = {12},
  journal = {Proc. VLDB Endow.},
  _publisher = {Association for Computing Machinery (ACM)},
  author = {Fritsch,  Kristin and Scherzinger,  Stefanie},
  year = {2023},
  _month = aug,
  _pages = {3990–3993}
}
@inproceedings{Gruenwald23,
	title = {Index Tuning with Machine Learning on Quantum Computers for Large-Scale Database Applications},
	author = {Le Gruenwald and Tobias Winker and Umut Çalıkyılmaz and Jinghua Groppe and Sven Groppe},
	booktitle = {Proc. of QDSM@VLDB23},
	year = {2023},
	url = {https://ceur-ws.org/Vol-3462/QDSM5.pdf}
}
@inproceedings{periyasamy22,
    author={Periyasamy, Maniraman and Meyer, Nico and Ufrecht, Christian and Scherer, Daniel D. and Plinge, Axel and Mutschler, Christopher},
    booktitle={IEEE Int. Conf. on Quantum Computing and Engineering (QCE)}, 
    title={Incremental Data-Uploading for Full-Quantum Classification}, 
    year={2022},
    volume={},
    number={},
    _pages={31-37},
    doi={10.1109/QCE53715.2022.00021}
}

% SkinnerDB
@article{trummer21,
    author = {Trummer, Immanuel and Wang, Junxiong and Wei, Ziyun and Maram, Deepak and Moseley, Samuel and Jo, Saehan and Antonakakis, Joseph and Rayabhari, Ankush},
    title = {SkinnerDB: Regret-Bounded Query Evaluation via Reinforcement Learning},
    year = {2021},
    issue_date = {September 2021},
    _publisher = {Association for Computing Machinery},
    volume = {46},
    number = {3},
    issn = {0362-5915},
    url = {https://doi.org/10.1145/3464389},
    doi = {10.1145/3464389},
    journal = {ACM Trans. Database Syst.},
    _month = {09},
    articleno = {9},
    numpages = {45},
}

% RTOS
@inproceedings{xiang20,
  author={Yu, Xiang and Li, Guoliang and Chai, Chengliang and Tang, Nan},
  booktitle={2020 IEEE 36th Int. Conf. on Data Engineering (ICDE)}, 
  title={Reinforcement Learning with Tree-LSTM for Join Order Selection}, 
  year={2020},
  volume={},
  number={},
  _pages={1297-1308},
  doi={10.1109/ICDE48307.2020.00116},
}



% Neo
@article{marcus19,
    author = {Marcus, Ryan and Negi, Parimarjan and Mao, Hongzi and Zhang, Chi and Alizadeh, Mohammad and Kraska, Tim and Papaemmanouil, Olga and Tatbul, Nesime},
    title = {Neo: A Learned Query Optimizer},
    year = {2019},
    _publisher = {VLDB Endowment},
    volume = {12},
    number = {11},
    issn = {2150-8097},
    url = {https://doi.org/10.14778/3342263.3342644},
    doi = {10.14778/3342263.3342644},
    journal = {Proc. VLDB Endow.},
    _month = {07},
    _pages = {1705–1718},
    numpages = {14}
}

% ReJOIN
@inproceedings{marcus18,
    author = {Marcus, Ryan and Papaemmanouil, Olga},
    title = {Deep Reinforcement Learning for Join Order Enumeration},
    year = {2018},
    isbn = {9781450358514},
    _publisher = {Association for Computing Machinery},
    url = {https://doi.org/10.1145/3211954.3211957},
    doi = {10.1145/3211954.3211957},
    booktitle = {Proc. of the 1st Int. Workshop on Exploiting Artificial Intelligence Techniques for Data Management},
    articleno = {3},
    numpages = {4},
}

% Bao
@inproceedings{marcus21,
    author = {Marcus, Ryan and Negi, Parimarjan and Mao, Hongzi and Tatbul, Nesime and Alizadeh, Mohammad and Kraska, Tim},
    title = {Bao: Making Learned Query Optimization Practical},
    year = {2021},
    isbn = {9781450383431},
    _publisher = {Association for Computing Machinery},
    url = {https://doi.org/10.1145/3448016.3452838},
    doi = {10.1145/3448016.3452838},
    booktitle = {Proc. of the 2021 Int. Conf. on Management of Data},
    _pages = {1275–1288},
    numpages = {14},
}

% DQ
@article{krishnan18,
  author = {Krishnan, Sanjay and Yang, Zongheng and Goldberg, Ken and Hellerstein, Joseph and Stoica, Ion},
  title = {Learning to Optimize Join Queries With Deep Reinforcement Learning},
  doi = {10.48550/arXiv.1808.03196},
  url = {https://arxiv.org/abs/1808.03196},
  _publisher = {arXiv},
  year = {2018},
}

% JOGGER
@inproceedings{chen22,
    author = {Chen, Jin and Ye, Guanyu and Zhao, Yan and Liu, Shuncheng and Deng, Liwei and Chen, Xu and Zhou, Rui and Zheng, Kai},
    title = {Efficient Join Order Selection Learning with Graph-Based Representation},
    year = {2022},
    isbn = {9781450393850},
    _publisher = {Association for Computing Machinery},
    url = {https://doi.org/10.1145/3534678.3539303},
    doi = {10.1145/3534678.3539303},
    booktitle = {Proc. of the 28th ACM SIGKDD Conf. on Knowledge Discovery and Data Mining},
    _pages = {97–107},
    numpages = {11},
}

% Balsa
@inproceedings{yang22,
    author = {Yang, Zongheng and Chiang, Wei-Lin and Luan, Sifei and Mittal, Gautam and Luo, Michael and Stoica, Ion},
    title = {Balsa: Learning a Query Optimizer Without Expert Demonstrations},
    year = {2022},
    isbn = {9781450392495},
    _publisher = {Association for Computing Machinery},
    url = {https://doi.org/10.1145/3514221.3517885},
    doi = {10.1145/3514221.3517885},
    booktitle = {Proc. of the 2022 Int. Conf. on Management of Data},
    _pages = {931–944},
    numpages = {14},
}


@article{bharti21,
    title = {Noisy intermediate-scale quantum algorithms},
    author = {Bharti, Kishor and Cervera-Lierta, Alba and Kyaw, Thi Ha and Haug, Tobias and Alperin-Lea, Sumner and Anand, Abhinav and Degroote, Matthias and Heimonen, Hermanni and Kottmann, Jakob S. and Menke, Tim and Mok, Wai-Keong and Sim, Sukin and Kwek, Leong-Chuan and Aspuru-Guzik, Al\'an},
    journal = {Rev. Mod. Phys.},
    volume = {94},
    issue = {1},
    _pages = {015004},
    numpages = {69},
    year = {2022},
    _month = {02},
    _publisher = {American Physical Society},
    doi = {10.1103/RevModPhys.94.015004},
    url = {https://link.aps.org/doi/10.1103/RevModPhys.94.015004}
}

@inproceedings{schoenberger23,
  author = {Sch\"{o}nberger, Manuel and Scherzinger, Stefanie and Mauerer, Wolfgang},
  title = {Ready to Leap (by Co-Design)? {J}oin Order Optimisation on Quantum Hardware},
  year = {2023},
  issue_date = {May 2023},
  _publisher = {Association for Computing Machinery},
  volume = {1},
  number = {1},
  url = {https://doi.org/10.1145/3588946},
  doi = {10.1145/3588946},
  journal = {Proc. ACM Manag. Data},
  articleno = {92},
  numpages = {27},
  keywords = {join ordering, quantum computing, query optimisation}
}
@article{leis15,
    author = {Leis, Viktor and Gubichev, Andrey and Mirchev, Atanas and Boncz, Peter and Kemper, Alfons and Neumann, Thomas},
    title = {How Good Are Query Optimizers, Really?},
    year = {2015},
    _publisher = {VLDB Endowment},
    volume = {9},
    number = {3},
    issn = {2150-8097},
    url = {https://doi.org/10.14778/2850583.2850594},
    doi = {10.14778/2850583.2850594},
    journal = {Proc. VLDB Endow.},
    _month = {11},
    _pages = {204–215},
    numpages = {12}
}

@misc{jerbi21,
  author = {Jerbi, Sofiene and Gyurik, Casper and Marshall, Simon C. and Briegel, Hans J. and Dunjko, Vedran},
  title = {Parametrized quantum policies for reinforcement learning},
  year = {2021},
  eprint = {2103.05577},
  archivePrefix={arXiv},
  primaryClass={quant-ph}
}

@misc{heitz19,
  title={Join Query Optimization with Deep Reinforcement Learning Algorithms}, 
  author={Jonas Heitz and Kurt Stockinger},
  year={2019},
  eprint={1911.11689},
  archivePrefix={arXiv},
  primaryClass={cs.DB}
}

@inproceedings{poess02,
    author = {Poess, Meikel and Smith, Bryan and Kollar, Lubor and Larson, Paul},
    title = {{TPC-DS}, Taking Decision Support Benchmarking to the next Level},
    year = {2002},
    isbn = {1581134975},
    _publisher = {Association for Computing Machinery},
    url = {https://doi.org/10.1145/564691.564759},
    doi = {10.1145/564691.564759},
    booktitle = {Proc. of the 2002 ACM SIGMOD Int. Conf. on Management of Data},
    _pages = {582–587},
    numpages = {6},
}

@article{poess10,
author = {Poess, Meikel and Nambiar, Raghu},
year = {2010},
_month = {01},
title = {TPC Benchmark H Standard Specification},
doi = {10.13140/RG.2.1.1883.9288}
}

@article{franz22,
    title = {Uncovering instabilities in variational-quantum deep Q-networks},
    journal = {Journal of the Franklin Institute},
    year = {2022},
    issn = {0016-0032},
    doi = {10.1016/j.jfranklin.2022.08.021},
    url = {https://www.sciencedirect.com/science/article/pii/S0016003222005725},
    author = {Maja Franz and Lucas Wolf and Maniraman Periyasamy and Christian Ufrecht and Daniel D. Scherer and Axel Plinge and Christopher Mutschler and Wolfgang Mauerer},
}

@misc{Skolik:2022,
  doi = {10.48550/ARXIV.2212.09431},
  url = {https://arxiv.org/abs/2212.09431},
  author = {Skolik, Andrea and Mangini, Stefano and Bäck, Thomas and Macchiavello, Chiara and Dunjko, Vedran},
  keywords = {Quantum Physics (quant-ph), FOS: Physical sciences, FOS: Physical sciences},
  title = {Robustness of quantum reinforcement learning under hardware errors},
  _publisher = {arXiv},
  year = {2022},
}

@misc{schulman17,
      title={Proximal Policy Optimization Algorithms}, 
      author={John Schulman and Filip Wolski and Prafulla Dhariwal and Alec Radford and Oleg Klimov},
      year={2017},
      eprint={1707.06347},
      archivePrefix={arXiv},
      primaryClass={cs.LG}
}

@misc{mnih13,
      title={Playing Atari with Deep Reinforcement Learning}, 
      author={Volodymyr Mnih and Koray Kavukcuoglu and David Silver and Alex Graves and Ioannis Antonoglou and Daan Wierstra and Martin Riedmiller},
      year={2013},
      eprint={1312.5602},
      archivePrefix={arXiv},
      primaryClass={cs.LG}
}

@article{preskill18,
  doi = {10.22331/q-2018-08-06-79},
  title = {Quantum {C}omputing in the {NISQ} era and beyond},
  author = {Preskill, John},
  journal = {{Quantum}},
  issn = {2521-327X},
  _publisher = {{Verein zur F{\"{o}}rderung des Open Access Publizierens in den Quantenwissenschaften}},
  volume = {2},
  _pages = {79},
  _month = aug,
  year = {2018}
}

@article{skolik22,
  doi = {10.22331/q-2022-05-24-720},
  title = {Quantum agents in the {G}ym: a variational quantum algorithm for deep {Q}-learning},
  author = {Skolik, Andrea and Jerbi, Sofiene and Dunjko, Vedran},
  journal = {{Quantum}},
  issn = {2521-327X},
  _publisher = {{Verein zur F{\"{o}}rderung des Open Access Publizierens in den Quantenwissenschaften}},
  volume = {6},
  _pages = {720},
  _month = may,
  year = {2022}
}

@article{chen20,
  author = {Chen, Samuel Yen-Chi and Yang, Chao-Han Huck and Qi, Jun and Chen, Pin-Yu and Ma, Xiaoli and Goan, Hsi-Sheng},
  journal = {IEEE Access}, 
  title = {Variational Quantum Circuits for Deep Reinforcement Learning}, 
  year = {2020},
  volume = {8},
  number = {},
  _pages = {141007-141024},
  doi = {10.1109/ACCESS.2020.3010470}
}

@inproceedings{badia20,
  title = 	 {Agent57: Outperforming the {A}tari Human Benchmark},
  author =       {Badia, Adri{\`a} Puigdom{\`e}nech and Piot, Bilal and Kapturowski, Steven and Sprechmann, Pablo and Vitvitskyi, Alex and Guo, Zhaohan Daniel and Blundell, Charles},
  booktitle = 	 {Proc. of the 37th Int. Conf. on Machine Learning},
  _pages = 	 {507--517},
  year = 	 {2020},
  editor = 	 {III, Hal Daumé and Singh, Aarti},
  volume = 	 {119},
  _month = 	 {13--18 Jul},
  _publisher =    {PMLR},
  pdf = 	 {http://proceedings.mlr.press/v119/badia20a/badia20a.pdf},
  url = 	 {https://proceedings.mlr.press/v119/badia20a.html},
}

@article{bellemare13,
  author = {Bellemare, Marc G. and Naddaf, Yavar and Veness, Joel and Bowling, Michael},
  title = {The Arcade Learning Environment: An Evaluation Platform for General Agents},
  year = {2013},
  issue_date = {May 2013},
  _publisher = {AI Access Foundation},
  volume = {47},
  number = {1},
  issn = {1076-9757},
  journal = {J. Artif. Int. Res.},
  _month = {may},
  _pages = {253–279},
  numpages = {27}
}

@article{shor99,
  author = {Shor, Peter W.},
  title = {Polynomial-Time Algorithms for Prime Factorization and Discrete Logarithms on a Quantum Computer},
  journal = {SIAM Review},
  volume = {41},
  number = {2},
  _pages = {303-332},
  year = {1999},
  doi = {10.1137/S0036144598347011},
  URL = {https://doi.org/10.1137/S0036144598347011}
}

@inproceedings{grover96,
  title={A fast quantum mechanical algorithm for database search},
  author={Grover, Lov K},
  booktitle={Proc. of the twenty-eighth annual ACM symposium on Theory of computing},
  _pages={212--219},
  year={1996},
  doi={10.48550/arXiv.quant-ph/9605043}
}

@book{sutton18,
  title={Reinforcement learning: An introduction},
  _publisher={MIT Press Ltd},
  author={Sutton, Richard S. and Barto, Andrew G.},
  year={2018},
  isbn={978-0-262-03924-6},
}

@inproceedings{winker:23:sigmodtutorial,
 author = {Winker, Tobias and Groppe, Sven and Uotila, Valter and Yan, Zhengtong and Lu,
Jiaheng and Franz, Maja and Mauerer, Wolfgang},
 badge = {Tutorial},
 booktitle = {Companion of the 2023 Int. Conf. on Management of Data},
 doi = {10.1145/3555041.3589404},
 numpages = {8},
 _pages = {45–52},
 _publisher = {Association for Computing Machinery},
 title = {Quantum Machine Learning: Foundation, New Techniques, and Opportunities
for Database Research},
 url = {https://doi.org/10.1145/3555041.3589404},
 userc = {CORE23:A*},
 userd = {SIGMOD '23},
 year = {2023}
}

@article{arute19,
  doi = {10.1038/s41586-019-1666-5},
  url = {https://doi.org/10.1038%2Fs41586-019-1666-5},
  year = 2019,
  _publisher = {Springer Science and Business Media {LLC}},
  volume = {574},
  number = {7779},
  _pages = {505--510},
  title = {Quantum supremacy using a programmable superconducting processor},
  journal = {Nature}
}

@misc{farhi14,
  title={A Quantum Approximate Optimization Algorithm}, 
  author={Edward Farhi and Jeffrey Goldstone and Sam Gutmann},
  year={2014},
  eprint={1411.4028},
  archivePrefix={arXiv},
  primaryClass={quant-ph}
}

@article{mitarai18,
  title = {Quantum circuit learning},
  author = {Mitarai, K. and Negoro, M. and Kitagawa, M. and Fujii, K.},
  journal = {Phys. Rev. A},
  volume = {98},
  issue = {3},
  _pages = {032309},
  numpages = {6},
  year = {2018},
  _month = {9},
  _publisher = {American Physical Society},
  doi = {10.1103/PhysRevA.98.032309},
  url = {https://link.aps.org/doi/10.1103/PhysRevA.98.032309}
}

@article{schuld18,
  title = {Evaluating analytic gradients on quantum hardware},
  author = {Schuld, Maria and Bergholm, Ville and Gogolin, Christian and Izaac, Josh and Killoran, Nathan},
  journal = {Phys. Rev. A},
  volume = {99},
  issue = {3},
  _pages = {032331},
  numpages = {7},
  year = {2019},
  _publisher = {American Physical Society},
  doi = {10.1103/PhysRevA.99.032331},
  url = {https://link.aps.org/doi/10.1103/PhysRevA.99.032331}
}

@article{schuld22,
  title = {Is Quantum Advantage the Right Goal for Quantum Machine Learning?},
  author = {Schuld, Maria and Killoran, Nathan},
  journal = {PRX Quantum},
  _pages = {030101},
  numpages = {13},
  year = {2022},
  _publisher = {American Physical Society},
  doi = {10.1103/PRXQuantum.3.030101},
  url = {https://link.aps.org/doi/10.1103/PRXQuantum.3.030101}
}

@book{nielsen10,
  author = {Nielsen, Michael A. AND Chuang, Isaac L.},
  year = {2010},
  title = {Quantum Computation and Quantum Information - 10th Anniversary Edition},
  edition = {},
  isbn = {978-1-107-00217-3},
  _publisher = {Cambridge University Press},
}

@article{perez20,
  doi = {10.22331/q-2020-02-06-226},
  url = {https://doi.org/10.22331/q-2020-02-06-226},
  title = {Data re-uploading for a universal quantum classifier},
  author = {P{\'{e}}rez-Salinas, Adri{\'{a}}n and Cervera-Lierta, Alba and Gil-Fuster, Elies and Latorre, Jos{\'{e}} I.},
  journal = {{Quantum}},
  issn = {2521-327X},
  _publisher = {{Verein zur F{\"{o}}rderung des Open Access Publizierens in den Quantenwissenschaften}},
  volume = {4},
  _pages = {226},
  year = {2020}
}

@article{hornik89,
  title = {Multilayer feedforward networks are universal approximators},
  journal = {Neural Networks},
  volume = {2},
  number = {5},
  _pages = {359-366},
  year = {1989},
  issn = {0893-6080},
  doi = {10.1016/0893-6080(89)90020-8},
  url = {https://www.sciencedirect.com/science/article/pii/0893608089900208},
  author = {Kurt Hornik and Maxwell Stinchcombe and Halbert White},
  keywords = {Feedforward networks, Universal approximation, Mapping networks, Network representation capability, Stone-Weierstrass Theorem, Squashing functions, Sigma-Pi networks, Back-propagation networks},
}


@article{weigold21,
  title={Encoding patterns for quantum algorithms},
  author={Weigold, Manuela and Barzen, Johanna and Leymann, Frank and Salm, Marie},
  journal={IET Quantum Communication},
  volume={2},
  number={4},
  _pages={141--152},
  year={2021},
  _publisher={Wiley Online Library},
  doi={10.1049/qtc2.12032}
}

@inproceedings{weigold20,
  author = {Weigold, Manuela and Barzen, Johanna and Leymann, Frank and Salm, Marie},
  title = {Data Encoding Patterns for Quantum Computing},
  year = {2022},
  isbn = {9781941652169},
  _publisher = {The Hillside Group},
  booktitle = {Proc. of the 27th Conf. on Pattern Languages of Programs},
  articleno = {2},
  numpages = {11},
  keywords = {quantum algorithms, quantum computing, speed-up, data encoding, patterns},
}


@online{atomcomputing,
  title= {{Atom Computing}},
  year = {2023},
  author = {{Atom Computing}},
  url = {https://atom-computing.com},
}

@article{schuld21,
  title = {Effect of data encoding on the expressive power of variational quantum-machine-learning models},
  author = {Schuld, Maria and Sweke, Ryan and Meyer, Johannes Jakob},
  journal = {Phys. Rev. A},
  volume = {103},
  issue = {3},
  _pages = {032430},
  numpages = {12},
  year = {2021},
  _publisher = {American Physical Society},
  doi = {10.1103/PhysRevA.103.032430},
  url = {https://link.aps.org/doi/10.1103/PhysRevA.103.032430}
}


@inproceedings{meyer23,
  title = 	 {Quantum Policy Gradient Algorithm with Optimized Action Decoding},
  author =       {Meyer, Nico and Scherer, Daniel and Plinge, Axel and Mutschler, Christopher and Hartmann, Michael},
  booktitle = 	 {Proc. of the 40th Int. Conf. on Machine Learning},
  _pages = 	 {24592--24613},
  year = 	 {2023},
  editor = 	 {Krause, Andreas and Brunskill, Emma and Cho, Kyunghyun and Engelhardt, Barbara and Sabato, Sivan and Scarlett, Jonathan},
  volume = 	 {202},
  _publisher =    {PMLR},
  pdf = 	 {https://proceedings.mlr.press/v202/meyer23a/meyer23a.pdf},
  url = 	 {https://proceedings.mlr.press/v202/meyer23a.html},
}


@inproceedings{lockwood21,
  title = 	 {Playing Atari with Hybrid Quantum-Classical Reinforcement Learning},
  author =       {Lockwood, Owen and Si, Mei},
  booktitle = 	 {NeurIPS 2020 Workshop on Pre-registration in Machine Learning},
  _pages = 	 {285--301},
  year = 	 {2021},
  editor = 	 {Bertinetto, Luca and Henriques, João F. and Albanie, Samuel and Paganini, Michela and Varol, Gül},
  volume = 	 {148},
  _publisher =    {PMLR},
  pdf = 	 {http://proceedings.mlr.press/v148/lockwood21a/lockwood21a.pdf},
  url = 	 {https://proceedings.mlr.press/v148/lockwood21a.html},
}

@online{rtos_impl,
  title = {GitHub Repository: {AI4DBCode}},
  author = {Yu, Xiang and Li, Guoliang and Chai, Chengliang and Tang, Nan},
  url = {https://github.com/TsinghuaDatabaseGroup/AI4DBCode},
  note = {Commit: a8989bfa},
  year = {2022},
}

@online{rejoin_impl,
  title = {GitHub Repository: {Rejoin}},
  author = {Guo Xintong and Antonis Mandamadiotis},
  url = {https://github.com/GUOXINTONG/rejoin},
  note = {Commit: 02365ab0},
  year = {2021},
}

@inproceedings{laud03,
  title={The influence of reward on the speed of reinforcement learning: An analysis of shaping},
  author={Laud, Adam and DeJong, Gerald},
  booktitle={Proc. of the 20th Int. Conf. on Machine Learning (ICML-03)},
  _pages={440--447},
  year={2003},
  doi={10.5555/3041838.3041894}
}

@article{kandala17,
    title={Hardware-efficient variational quantum eigensolver for small molecules and quantum magnets},
    volume={549},
    ISSN={1476-4687},
    url={http://dx.doi.org/10.1038/nature23879},
    DOI={10.1038/nature23879},
    number={7671},
    journal={Nature},
    _publisher={Springer Science and Business Media LLC},
    author={Kandala, Abhinav and Mezzacapo, Antonio and Temme, Kristan and Takita, Maika and Brink, Markus and Chow, Jerry M. and Gambetta, Jay M.},
    year={2017},
    _month=sep,
    _pages={242–246}
}

@online{postgres,
  title={{PostgreSQL}},
  author={{PostgreSQL Developers}},
  url={https://www.postgresql.org},
  year={2023}
}

@inproceedings{cluet95,
  author = {Cluet, Sophie and Moerkotte, Guido},
  title = {On the Complexity of Generating Optimal Left-Deep Processing Trees with Cross Products},
  year = {1995},
  isbn = {3540589074},
  _publisher = {Springer-Verlag},
  booktitle = {Proc. of the 5th Int. Conf. on Database Theory},
  _pages = {54–67},
  numpages = {14},
  doi = {10.1007/3-540-58907-4_6}
}

@misc{abadi15,
  title={ {TensorFlow}: Large-Scale Machine Learning on Heterogeneous Systems},
  url={https://www.tensorflow.org/},
  author={
      Mart\'{i}n~Abadi and
      Ashish~Agarwal and
      Paul~Barham and
      others}
}

@misc{broughton21,
      title={TensorFlow Quantum: A Software Framework for Quantum Machine Learning}, 
      author={Michael Broughton and Guillaume Verdon and Trevor McCourt and Antonio J. Martinez and Jae Hyeon Yoo and Sergei V. Isakov and Philip Massey and Ramin Halavati and Murphy Yuezhen Niu and Alexander Zlokapa and Evan Peters and Owen Lockwood and Andrea Skolik and Sofiene Jerbi and Vedran Dunjko and Martin Leib and Michael Streif and David Von Dollen and Hongxiang Chen and Shuxiang Cao and Roeland Wiersema and Hsin-Yuan Huang and Jarrod R. McClean and Ryan Babbush and Sergio Boixo and Dave Bacon and Alan K. Ho and Hartmut Neven and Masoud Mohseni},
      year={2021},
      eprint={2003.02989},
      archivePrefix={arXiv},
      primaryClass={quant-ph}
}

@online{pg_hint_plan,
  title = {pg\_hint\_plan {{PostgreSQL}} extension},
  author = {{NTT OSS Center DBMS Development Team}},
  year = {2023},
  url = {https://pghintplan.osdn.jp/pg_hint_plan.html}
}

@misc{uotila2023sql2circuits,
      title={SQL2Circuits: Estimating Metrics for SQL Queries with A Quantum Natural Language Processing Method}, 
      author={Valter Uotila},
      year={2023},
      eprint={2306.08529},
      archivePrefix={arXiv},
      primaryClass={cs.DB}
}

@inproceedings{nayak23,
    author = {Nayak, Nitin and Rehfeld, Jan and Winker, Tobias and Warnke, Benjamin and \c{C}alikyilmaz, Umut and Groppe, Sven},
    title = {Constructing Optimal Bushy Join Trees by Solving QUBO Problems on Quantum Hardware and Simulators},
    year = {2023},
    isbn = {9798400700934},
    _publisher = {Association for Computing Machinery},
    _address = {New York, NY, USA},
    url = {https://doi.org/10.1145/3579142.3594298},
    doi = {10.1145/3579142.3594298},
    booktitle = {Proc. of BiDEDE@SIGMOD23},
    articleno = {7},
    numpages = {7},
    keywords = {query optimization, join-ordering, VQE, QAOA, quantum simulation, quantum annealing},
    _location = {Seattle, WA, USA},
}


@inproceedings{schoenberger24,
  author = {Sch\"{o}nberger, Manuel and Trummer, Immanuel and Mauerer, Wolfgang},
  title = {Quantum-Inspired Digital Annealing for Join Ordering},
  year = {2023},
  issue_date = {November 2023},
  _publisher = {VLDB Endowment},
  volume = {17},
  number = {3},
  issn = {2150-8097},
  url = {https://doi.org/10.14778/3632093.3632112},
  doi = {10.14778/3632093.3632112},
  journal = {Proc. VLDB Endow.},
  _month = {nov},
  _pages = {511–524},
  numpages = {14}
}

@inproceedings{schoenberger23:qdsm,
 author = {Schönberger, Manuel and Trummer, Immanuel and Mauerer, Wolfgang},
 _month = {08},
 booktitle = {Proc. of QDSM@VLDB23},
 year = {2023},
 title = {Quantum Optimisation of General Join Trees},
 userd = {VLDB '23},
 year = {2023}
}

@inproceedings{chande11,
  author={Chande, Swati V. and Sinha, Madhavi},
  booktitle={2011 Annual IEEE India Conf.}, 
  title={Genetic optimization for the join ordering problem of database queries}, 
  year={2011},
  volume={},
  number={},
  _pages={1-5},
  doi={10.1109/INDCON.2011.6139336}
}

@inproceedings{fegaras98,
  author = {Fegaras, Leonidas},
  title = {A New Heuristic for Optimizing Large Queries},
  year = {1998},
  isbn = {3540649506},
  _publisher = {Springer-Verlag},
  booktitle = {Proc. of the 9th Int. Conf. on Database and Expert Systems Applications},
  _pages = {726–735},
  numpages = {10},
}

@inproceedings{10.1145/115790.115813,
author = {Ioannidis, Yannis E. and Kang, Younkyung Cha},
title = {Left-Deep vs. Bushy Trees: An Analysis of Strategy Spaces and Its Implications for Query Optimization},
year = {1991},
isbn = {0897914252},
_publisher = {Association for Computing Machinery},
url = {https://doi.org/10.1145/115790.115813},
doi = {10.1145/115790.115813},
booktitle = {Proc. of the 1991 ACM SIGMOD Int. Conf. on Management of Data},
_pages = {168–177},
numpages = {10},
}

@article{ioannidis91,
  author = {Ioannidis, Yannis E. and Kang, Younkyung Cha},
  title = {Left-Deep vs. Bushy Trees: An Analysis of Strategy Spaces and Its Implications for Query Optimization},
  year = {1991},
  issue_date = {June 1991},
  _publisher = {Association for Computing Machinery},
  volume = {20},
  number = {2},
  issn = {0163-5808},
  url = {https://doi.org/10.1145/119995.115813},
  doi = {10.1145/119995.115813},
  journal = {SIGMOD Rec.},
  _month = {apr},
  _pages = {168–177},
  numpages = {10}
}

@inproceedings{selinger79,
  author = {Selinger, P. Griffiths and Astrahan, M. M. and Chamberlin, D. D. and Lorie, R. A. and Price, T. G.},
  title = {Access Path Selection in a Relational Database Management System},
  year = {1979},
  isbn = {089791001X},
  _publisher = {Association for Computing Machinery},
  url = {https://doi.org/10.1145/582095.582099},
  doi = {10.1145/582095.582099},
  booktitle = {Proc. of the 1979 ACM SIGMOD Int. Conf. on Management of Data},
  _pages = {23–34},
  numpages = {12},
}

@inproceedings{krishnamurthy86,
  author = {Krishnamurthy, Ravi and Boral, Haran and Zaniolo, Carlo},
  title = {Optimization of Nonrecursive Queries},
  year = {1986},
  isbn = {0934613184},
  _publisher = {Morgan Kaufmann Publishers Inc.},
  booktitle = {Proc. of the 12th Int. Conf. on Very Large Data Bases},
  _pages = {128–137},
  numpages = {10},
}


@inproceedings{swami89,
  author = {Swami, A.},
  title = {Optimization of Large Join Queries: Combining Heuristics and Combinatorial Techniques},
  year = {1989},
  isbn = {0897913175},
  _publisher = {Association for Computing Machinery},
  url = {https://doi.org/10.1145/67544.66961},
  doi = {10.1145/67544.66961},
  booktitle = {Proc. ACM SIGMOD},
  _pages = {367–376},
  numpages = {10},
}

@misc{tai15,
      title={Improved Semantic Representations From Tree-Structured Long Short-Term Memory Networks}, 
      author={Kai Sheng Tai and Richard Socher and Christopher D. Manning},
      year={2015},
      eprint={1503.00075},
      archivePrefix={arXiv},
      primaryClass={cs.CL}
}

@misc{kingma17,
      title={Adam: A Method for Stochastic Optimization}, 
      author={Diederik P. Kingma and Jimmy Ba},
      year={2017},
      eprint={1412.6980},
      archivePrefix={arXiv},
      primaryClass={cs.LG}
}

@book{riehl2017category,
  title={Category theory in context},
  author={Riehl, Emily},
  year={2017},
  _publisher={Courier Dover Publications}
}

@inproceedings{winker23,
  title={Quantum Machine Learning for Join Order Optimization using Variational Quantum Circuits},
  author={Winker, Tobias and {\c{C}}alikyilmaz, Umut and Gruenwald, Le and Groppe, Sven},
  booktitle={Proc. of the Int. Workshop on Big Data in Emergent Distributed Environments},
  _pages={1--7},
  year={2023},
  doi = {10.1145/3579142.3594299},
}

@techreport{bennett1991genetic,
  title={A genetic algorithm for database query optimization},
  author={Bennett, Kristin P and Ferris, Michael C and Ioannidis, Yannis E},
  year={1991},
  institution={University of Wisconsin-Madison Department of Computer Sciences}
}

@inproceedings{kim2022,
  title={Learned cardinality estimation: An in-depth study},
  author={Kim, Kyoungmin and Jung, Jisung and Seo, In and Han, Wook-Shin and Choi, Kangwoo and Chong, Jaehyok},
  booktitle={Proc. of the 2022 Int. Conf. on Management of Data},
  _pages={1214--1227},
  year={2022},
  doi = {10.1145/3514221.3526154},
}

@inproceedings{hasan2014,
  title={A machine learning approach to sparql query performance prediction},
  author={Hasan, Rakebul and Gandon, Fabien},
  booktitle={IEEE/WIC/ACM Int. Joint Conf.s on Web Intelligence (WI) and Intelligent Agent Technologies (IAT)},
  volume={1},
  _pages={266--273},
  year={2014},
  organization={IEEE},
  doi = {10.1109/WI-IAT.2014.43},
}

@inproceedings{akdere2012learning,
  title={Learning-based query performance modeling and prediction},
  author={Akdere, Mert and {\c{C}}etintemel, Ugur and Riondato, Matteo and Upfal, Eli and Zdonik, Stanley B},
  booktitle={2012 IEEE 28th Int. Conf. on Data Engineering},
  _pages={390--401},
  year={2012},
  organization={IEEE},
  doi = {10.1109/ICDE.2012.64},
}

@misc{han2021cardinality,
    title={Cardinality Estimation in {DBMS}: A Comprehensive Benchmark Evaluation}, 
    author={Yuxing Han and Ziniu Wu and Peizhi Wu and Rong Zhu and Jingyi Yang and Liang Wei Tan and Kai Zeng and Gao Cong and Yanzhao Qin and Andreas Pfadler and Zhengping Qian and Jingren Zhou and Jiangneng Li and Bin Cui},
    year={2021},
    eprint={2109.05877},
    archivePrefix={arXiv},
    primaryClass={cs.DB}
}

@article{van2000ubiquitous,
  title={The ubiquitous Kronecker product},
  author={Van Loan, Charles F},
  journal={Journal of computational and applied mathematics},
  volume={123},
  number={1-2},
  _pages={85--100},
  year={2000},
  _publisher={Elsevier}
}

@article{sheela13,
  title={Review on Methods to Fix Number of Hidden Neurons in Neural Networks},
  volume={2013},
  ISSN={1563-5147},
  url={http://dx.doi.org/10.1155/2013/425740},
  DOI={10.1155/2013/425740},
  journal={Mathematical Problems in Engineering},
  _publisher={Hindawi Limited},
  author={Sheela, K. Gnana and Deepa, S. N.},
  year={2013},
  _pages={1–11}
}

@article{calikyilmaz23,
  author = {\c{C}alikyilmaz, Umut and Groppe, Sven and Groppe, Jinghua and Winker, Tobias and Prestel, Stefan and Shagieva, Farida and Arya, Daanish and Preis, Florian and Gruenwald, Le},
  title = {Opportunities for Quantum Acceleration of Databases: Optimization of Queries and Transaction Schedules},
  year = {2023},
  issue_date = {May 2023},
  _publisher = {VLDB Endowment},
  volume = {16},
  number = {9},
  issn = {2150-8097},
  url = {https://doi.org/10.14778/3598581.3598603},
  doi = {10.14778/3598581.3598603},
  journal = {Proc. VLDB Endow.},
  _pages = {2344–2353},
  numpages = {10}
}

@inproceedings{gilyen19,
  title={Optimizing quantum optimization algorithms via faster quantum gradient computation},
  author={Gily{\'e}n, Andr{\'a}s and Arunachalam, Srinivasan and Wiebe, Nathan},
  booktitle={Proc. of the 30th Annual ACM-SIAM Symposium on Discrete Algorithms},
  _pages={1425--1444},
  year={2019},
  organization={SIAM},
  doi={10.1137/1.9781611975482.87},

}

@article{wierichs22,
  title={General parameter-shift rules for quantum gradients},
  author={Wierichs, David and Izaac, Josh and Wang, Cody and Lin, Cedric Yen-Yu},
  journal={Quantum},
  volume={6},
  _pages={677},
  year={2022},
  _publisher={Verein zur F{\"o}rderung des Open Access Publizierens in den Quantenwissenschaften},
  doi={10.22331/q-2022-03-30-677}
}

@article{sarker21,
  title={Deep Learning: A Comprehensive Overview on Techniques, Taxonomy, Applications and Research Directions},
  volume={2},
  ISSN={2661-8907},
  url={http://dx.doi.org/10.1007/s42979-021-00815-1},
  DOI={10.1007/s42979-021-00815-1},
  number={6},
  journal={SN Computer Science},
  _publisher={Springer Science and Business Media LLC},
  author={Sarker, Iqbal H.},
  year={2021},
  _month=aug }


@article{huang22,
  author = {Hsin-Yuan Huang  and Michael Broughton  and Jordan Cotler  and Sitan Chen  and Jerry Li  and Masoud Mohseni  and Hartmut Neven  and Ryan Babbush  and Richard Kueng  and John Preskill  and Jarrod R. McClean },
  title = {Quantum advantage in learning from experiments},
  journal = {Science},
  volume = {376},
  number = {6598},
  _pages = {1182-1186},
  year = {2022},
  doi = {10.1126/science.abn7293},
}

@article{dilip22,
  title = {Data compression for quantum machine learning},
  author = {Dilip, Rohit and Liu, Yu-Jie and Smith, Adam and Pollmann, Frank},
  journal = {Phys. Rev. Res.},
  volume = {4},
  issue = {4},
  _pages = {043007},
  numpages = {8},
  year = {2022},
  _publisher = {American Physical Society},
  doi = {10.1103/PhysRevResearch.4.043007},
  url = {https://link.aps.org/doi/10.1103/PhysRevResearch.4.043007}
}

% k-fold cross-validation 
@article{fushiki2011,
  title={Estimation of prediction error by using K-fold cross-validation},
  author={Fushiki, Tadayoshi},
  journal={Statistics and Computing},
  volume={21},
  _pages={137--146},
  year={2011},
  _publisher={Springer}
}

@misc{brandfonbrener21,
      title={Offline RL Without Off-Policy Evaluation}, 
      author={David Brandfonbrener and William F. Whitney and Rajesh Ranganath and Joan Bruna},
      year={2021},
      eprint={2106.08909},
      archivePrefix={arXiv},
      primaryClass={cs.LG}
}

@article{Leis.2018,
author = {Leis, Viktor and Radke, Bernhard and Gubichev, Andrey and Mirchev, Atanas and Boncz, Peter and Kemper, Alfons and Neumann, Thomas}, 
title = {Query optimization through the looking glass, and what we found running the join order benchmark},
journal = {The VLDB Journal},
volume = {27},
_pages = {643--668},
year = {2018},
doi = {10.1007/s00778-017-0480-7}
}

@online{Moerkotte.2020,
author = {Moerkotte, Guido},
title = {Building query compilers},
year = {2023},
url = {pi3.informatik.uni-mannheim.de/~moer/querycompiler.pdf},
lastaccessed={November 10, 2023}
}

%%%% JO publications %%%%
@misc{kolchinsky18,
      title={Join Query Optimization Techniques for Complex Event Processing Applications}, 
      author={Ilya Kolchinsky and Assaf Schuster},
      year={2018},
      eprint={1801.09413},
      archivePrefix={arXiv},
      primaryClass={cs.DB}
}


@article{goncalves14,
  title={Query join ordering optimization with evolutionary multi-agent systems},
  volume={41},
  ISSN={0957-4174},
  url={http://dx.doi.org/10.1016/j.eswa.2014.05.005},
  DOI={10.1016/j.eswa.2014.05.005},
  number={15},
  journal={Expert Systems with Applications},
  _publisher={Elsevier BV},
  author={Gonçalves, Frederico A.C.A. and Guimarães, Frederico G. and Souza, Marcone J.F.},
  year={2014},
  _pages={6934–6944}
}

@inproceedings{han09,
  title={Dependency-aware reordering for parallelizing query optimization in multi-core CPUs},
  url={http://dx.doi.org/10.1145/1559845.1559853},
  DOI={10.1145/1559845.1559853},
  booktitle={Proc. of the 2009 ACM SIGMOD Int. Conf. on Management of data},
  _publisher={ACM},
  author={Han, Wook-Shin and Lee, Jinsoo},
  year={2009},
}

@inproceedings{neumann09,
  title={Query simplification: graceful degradation for join-order optimization},
  url={http://dx.doi.org/10.1145/1559845.1559889},
  DOI={10.1145/1559845.1559889},
  booktitle={Proc. of the 2009 ACM SIGMOD Int. Conf. on Management of data},
  _publisher={ACM},
  author={Neumann, Thomas},
  year={2009},
}

@inproceedings{neumann18,
  title={Adaptive Optimization of Very Large Join Queries},
  url={http://dx.doi.org/10.1145/3183713.3183733},
  DOI={10.1145/3183713.3183733},
  booktitle={Proc. of the 2018 Int. Conf. on Management of Data},
  _publisher={ACM},
  author={Neumann, Thomas and Radke, Bernhard},
  year={2018},
}

@article{steinbrunn97,
  title={Heuristic and randomized optimization for the join ordering problem},
  volume={6},
  ISSN={0949-877X},
  url={http://dx.doi.org/10.1007/s007780050040},
  DOI={10.1007/s007780050040},
  number={3},
  journal={The VLDB Journal The Int. Journal on Very Large Data Bases},
  _publisher={Springer Science and Business Media LLC},
  author={Steinbrunn, Michael and Moerkotte, Guido and Kemper, Alfons},
  year={1997},
  _pages={191–208}
}

@inproceedings{trummer17,
  title={Solving the Join Ordering Problem via Mixed Integer Linear Programming},
  url={http://dx.doi.org/10.1145/3035918.3064039},
  DOI={10.1145/3035918.3064039},
  booktitle={Proc. of the 2017 ACM Int. Conf. on Management of Data},
  _publisher={ACM},
  author={Trummer, Immanuel and Koch, Christoph},
  year={2017},
}

@article{trummer16,
author = {Trummer, Immanuel and Koch, Christoph},
title = {Multiple Query Optimization on the D-Wave 2X Adiabatic Quantum Computer},
year = {2016},
issue_date = {May 2016},
_publisher = {VLDB Endowment},
volume = {9},
number = {9},
issn = {2150-8097},
url = {https://doi.org/10.14778/2947618.2947621},
doi = {10.14778/2947618.2947621},
journal = {Proc. VLDB Endow.},
_pages = {648–659},
numpages = {12}
}

@inproceedings{groppe21,
author = {Groppe, Sven and Groppe, Jinghua},
title = {Optimizing Transaction Schedules on Universal Quantum Computers via Code Generation for Grover’s Search Algorithm},
year = {2021},
isbn = {9781450389914},
_publisher = {Association for Computing Machinery},
url = {https://doi.org/10.1145/3472163.3472164},
doi = {10.1145/3472163.3472164},
booktitle = {25th Int. Database Engineering \& Applications Symposium},
_pages = {149–156},
numpages = {8},
keywords = {database, Quantum computing, synchronization, schedule, 2-phase-locking, transaction processing},
}

@Article{bittner20a,
        title     = {Hardware Accelerating the Optimization of Transaction Schedules via Quantum Annealing by Avoiding Blocking},
        author    = {Tim Bittner and
                     Sven Groppe},
        journal   = {Open Journal of Cloud Computing (OJCC)},
        issn      = {2199-1987},
        year      = {2020},
        volume    = {7},
        number    = {1},
        _pages     = {1--21},
        _url       = {http://nbn-resolving.de/urn:nbn:de:101:1-2020112218332015343957},
        _urn       = {urn:nbn:de:101:1-2020112218332015343957},
        _publisher = {RonPub},
        bibsource = {RonPub},
    }



@inproceedings{bittner20b,
author = {Bittner, Tim and Groppe, Sven},
title = {Avoiding Blocking by Scheduling Transactions Using Quantum Annealing},
year = {2020},
_isbn = {9781450375030},
_publisher = {Association for Computing Machinery},
url = {https://doi.org/10.1145/3410566.3410593},
doi = {10.1145/3410566.3410593},
booktitle = {Proc. of the 24th Symposium on Int. Database Engineering \& Applications},
articleno = {21},
numpages = {10},
keywords = {database, schedule, quantum computing, transaction processing, synchronization, 2-phase-locking, D-Wave, quantum annealing},
}

@misc{wang2023,
  title={ADOPT: Adaptively Optimizing Attribute Orders for Worst-Case Optimal Join Algorithms via Reinforcement Learning},
  author={Wang, Junxiong and Trummer, Immanuel and Kara, Ahmet and Olteanu, Dan},
  year={2023},
  eprint = {2307.16540},
  archivePrefix={arXiv},
  primaryClass={cs.DB},
}

@article{ji2023,
  title={Query Join Order Optimization Method Based on Dynamic Double Deep Q-Network},
  author={Ji, Lixia and Zhao, Runzhe and Dang, Yiping and Liu, Junxiu and Zhang, Han},
  journal={Electronics},
  volume={12},
  number={6},
  _pages={1504},
  year={2023},
  _publisher={MDPI},
  doi = {10.3390/electronics12061504},
}

@book{dirac30,
	author = {Paul Adrien Maurice Dirac},
	_publisher = {Clarendon Press},
	title = {The Principles of Quantum Mechanics},
	year = {1930},
  isbn = {9780198520115},
}

@article{du20,
  title = {Expressive power of parametrized quantum circuits},
  author = {Du, Yuxuan and Hsieh, Min-Hsiu and Liu, Tongliang and Tao, Dacheng},
  journal = {Phys. Rev. Res.},
  volume = {2},
  issue = {3},
  _pages = {033125},
  numpages = {16},
  year = {2020},
  _publisher = {American Physical Society},
  doi = {10.1103/PhysRevResearch.2.033125},
  url = {https://link.aps.org/doi/10.1103/PhysRevResearch.2.033125}
}

@article{sweke21,
  doi = {10.22331/q-2021-03-23-417},
  url = {https://doi.org/10.22331/q-2021-03-23-417},
  title = {On the {Q}uantum versus {C}lassical {L}earnability of {D}iscrete {D}istributions},
  author = {Sweke, Ryan and Seifert, Jean-Pierre and Hangleiter, Dominik and Eisert, Jens},
  journal = {{Quantum}},
  issn = {2521-327X},
  _publisher = {{Verein zur F{\"{o}}rderung des Open Access Publizierens in den Quantenwissenschaften}},
  volume = {5},
  _pages = {417},
  year = {2021}
}

@article{havl19,
  title={Supervised learning with quantum-enhanced feature spaces},
  volume={567},
  ISSN={1476-4687},
  url={http://dx.doi.org/10.1038/s41586-019-0980-2},
  DOI={10.1038/s41586-019-0980-2},
  number={7747},
  journal={Nature},
  _publisher={Springer Science and Business Media LLC},
  author={Havlíček, Vojtěch and Córcoles, Antonio D. and Temme, Kristan and Harrow, Aram W. and Kandala, Abhinav and Chow, Jerry M. and Gambetta, Jay M.},
  year={2019},
  _pages={209–212}
}

@article{huang21,
  title={Power of data in quantum machine learning},
  volume={12},
  ISSN={2041-1723},
  url={http://dx.doi.org/10.1038/s41467-021-22539-9},
  DOI={10.1038/s41467-021-22539-9},
  number={1},
  journal={Nature Communications},
  _publisher={Springer Science and Business Media LLC},
  author={Huang, Hsin-Yuan and Broughton, Michael and Mohseni, Masoud and Babbush, Ryan and Boixo, Sergio and Neven, Hartmut and McClean, Jarrod R.},
  year={2021},
}

@article{liu21,
  title={A rigorous and robust quantum speed-up in supervised machine learning},
  volume={17},
  ISSN={1745-2481},
  url={http://dx.doi.org/10.1038/s41567-021-01287-z},
  DOI={10.1038/s41567-021-01287-z},
  number={9},
  journal={Nature Physics},
  _publisher={Springer Science and Business Media LLC},
  author={Liu, Yunchao and Arunachalam, Srinivasan and Temme, Kristan},
  year={2021},
  _pages={1013–1017}
}

@article{lockwood20,
  title={Reinforcement Learning with Quantum Variational Circuit},
  volume={16},
  url={https://ojs.aaai.org/index.php/AIIDE/article/view/7437},
  DOI={10.1609/aiide.v16i1.7437},
  number={1},
  journal={Proc. of the AAAI Conf. on Artificial Intelligence and Interactive Digital Entertainment},
  author={Lockwood, Owen and Si, Mei},
  year={2020}
}

@misc{landman22,
      title={Classically Approximating Variational Quantum Machine Learning with Random Fourier Features}, 
      author={Jonas Landman and Slimane Thabet and Constantin Dalyac and Hela Mhiri and Elham Kashefi},
      year={2022},
      eprint={2210.13200},
      archivePrefix={arXiv},
      primaryClass={quant-ph}
}

@inproceedings{greiwe23,
 author = {Greiwe, Felix and Krüger, Tom and Mauerer, Wolfgang},
 booktitle = {2023 IEEE Int. Conf. on Quantum Software (QSW)},
 doi = {10.1109/QSW59989.2023.00014},
 entrysubtype = {Conf.},
 keywords = {noisy quantum computing, NISQ systems, quantum software engineering, HW-SW co design},
 language = {en},
 _pages = {31-42},
 title = {Effects of Imperfections on Quantum Algorithms: A Software Engineering Perspective},
 url = {https://doi.org/10.1109/QSW59989.2023.00014},
 userd = {IEEE QSW '23},
 year = {2023}
}

@misc{pirnay23,
      title={An in-principle super-polynomial quantum advantage for approximating combinatorial optimization problems}, 
      author={Niklas Pirnay and Vincent Ulitzsch and Frederik Wilde and Jens Eisert and Jean-Pierre Seifert},
      year={2023},
      eprint={2212.08678},
      archivePrefix={arXiv},
      primaryClass={quant-ph}
}

@article{mclean16,
  title={The theory of variational hybrid quantum-classical algorithms},
  volume={18},
  ISSN={1367-2630},
  url={http://dx.doi.org/10.1088/1367-2630/18/2/023023},
  DOI={10.1088/1367-2630/18/2/023023},
  number={2},
  journal={New Journal of Physics},
  _publisher={IOP Publishing},
  author={McClean, Jarrod R and Romero, Jonathan and Babbush, Ryan and Aspuru-Guzik, Alán},
  year={2016},
  _pages={023023}
}

@article{cerezo21,
  title={Variational quantum algorithms},
  volume={3},
  ISSN={2522-5820},
  url={http://dx.doi.org/10.1038/s42254-021-00348-9},
  DOI={10.1038/s42254-021-00348-9},
  number={9},
  journal={Nature Reviews Physics},
  _publisher={Springer Science and Business Media LLC},
  author={Cerezo, M. and Arrasmith, Andrew and Babbush, Ryan and Benjamin, Simon C. and Endo, Suguru and Fujii, Keisuke and McClean, Jarrod R. and Mitarai, Kosuke and Yuan, Xiao and Cincio, Lukasz and Coles, Patrick J.},
  year={2021},
  _pages={625–644}
}

@book{goodfellow16,
  author = {Goodfellow, I. and Bengio, Y. and Courville, A.},
  isbn = {9780262035613},
  _publisher = {MIT Press},
  series = {Adaptive computation and machine learning},
  title = {Deep Learning},
  year = 2016
}


@misc{meyer22,
      title={A Survey on Quantum Reinforcement Learning}, 
      author={Nico Meyer and Christian Ufrecht and Maniraman Periyasamy and Daniel D. Scherer and Axel Plinge and Christopher Mutschler},
      year={2022},
      eprint={2211.03464},
      archivePrefix={arXiv},
      primaryClass={quant-ph}
}

@article{hoefler23,
author = {Hoefler, Torsten and H\"{a}ner, Thomas and Troyer, Matthias},
title = {Disentangling Hype from Practicality: On Realistically Achieving Quantum Advantage},
year = {2023},
issue_date = {May 2023},
_publisher = {Association for Computing Machinery},
_address = {New York, NY, USA},
volume = {66},
number = {5},
issn = {0001-0782},
url = {https://doi.org/10.1145/3571725},
doi = {10.1145/3571725},
abstract = {What are the promising applications to realize quantum advantage?},
journal = {Commun. ACM},
_pages = {82–87},
numpages = {6}
}

@misc{qiskit,
    author = {{Qiskit contributors}},
    title = {Qiskit: An Open-source Framework for Quantum Computing},
    year = {2023},
    doi = {10.5281/zenodo.2573505},
}

@article{meister20,
  title={{GPU}-accelerated dynamic programming for join-order optimization},
  author={Meister, Andreas and Saake, Gunter},
  year={2020},
  publisher={Fakult{\"a}t f{\"u}r Informatik, Otto-von-Guericke-Universit{\"a}t Magdeburg},
  issn = {1869-5078},
}

@inproceedings{moerkotte06,
  author = {Moerkotte, Guido and Neumann, Thomas},
  title = {Analysis of two existing and one new dynamic programming algorithm for the generation of optimal bushy join trees without cross products},
  year = {2006},
  _publisher = {VLDB Endowment},
  booktitle = {Proc. VLDB Endow.},
  _pages = {930–941},
  numpages = {12},
  _location = {Seoul, Korea},
  series = {VLDB '06},
  doi = {}
}

@inproceedings{moerkotte08,
  author = {Moerkotte, Guido and Neumann, Thomas},
  title = {Dynamic programming strikes back},
  year = {2008},
  isbn = {9781605581026},
  publisher = {Association for Computing Machinery},
  _address = {New York, NY, USA},
  url = {https://doi.org/10.1145/1376616.1376672},
  doi = {10.1145/1376616.1376672},
  booktitle = {Proc. of the 2008 ACM SIGMOD Int. Conf. on Management of Data},
  _pages = {539–552},
  numpages = {14},
  _location = {Vancouver, Canada},
  series = {SIGMOD '08}
}

@article{trummer16a,
  author = {Trummer, Immanuel and Koch, Christoph},
  title = {Parallelizing query optimization on shared-nothing architectures},
  year = {2016},
  issue_date = {May 2016},
  _publisher = {VLDB Endowment},
  volume = {9},
  number = {9},
  issn = {2150-8097},
  url = {https://doi.org/10.14778/2947618.2947622},
  doi = {10.14778/2947618.2947622},
  journal = {Proc. VLDB Endow.},
  _month = {may},
  _pages = {660–671},
  numpages = {12}
}

@article{ioannidis90,
  author = {Ioannidis, Y. E. and Kang, Younkyung},
  title = {Randomized algorithms for optimizing large join queries},
  year = {1990},
  issue_date = {Jun. 1990},
  _publisher = {Association for Computing Machinery},
  _address = {New York, NY, USA},
  volume = {19},
  number = {2},
  issn = {0163-5808},
  url = {https://doi.org/10.1145/93605.98740},
  doi = {10.1145/93605.98740},
  journal = {SIGMOD Rec.},
  _month = {may},
  _pages = {312–321},
  numpages = {10}
}

@inproceedings{bruno10,
  author={Bruno, Nicolas and Galindo-Legaria, César and Joshi, Milind},
  booktitle={2010 IEEE 26th Int. Conf. on Data Engineering (ICDE 2010)}, 
  title={Polynomial heuristics for query optimization}, 
  year={2010},
  volume={},
  number={},
  _pages={589-600},
  doi={10.1109/ICDE.2010.5447916},
}

@inproceedings{horng94,
  author={Jorng-Tzong Horng and Cheng-Yan Kao and Baw-Jhiune Liu},
  booktitle={Proceedings of the 1st IEEE Conf. on Evolutionary Computation. IEEE World Congress on Computational Intelligence}, 
  title={A genetic algorithm for database query optimization}, 
  year={1994},
  volume={},
  number={},
  _pages={350-355 vol.1},
  doi={10.1109/ICEC.1994.349926}
}

@inproceedings{vance96,
  author = {Vance, Bennet and Maier, David},
  title = {Rapid bushy join-order optimization with Cartesian products},
  year = {1996},
  isbn = {0897917944},
  _publisher = {Association for Computing Machinery},
  _address = {New York, NY, USA},
  url = {https://doi.org/10.1145/233269.233317},
  doi = {10.1145/233269.233317},
  booktitle = {Proc. of the 1996 ACM SIGMOD Int. Conf. on Management of Data},
  _pages = {35–46},
  numpages = {12},
  _location = {Montreal, Quebec, Canada},
  series = {SIGMOD '96}
}

@article{borras23,
  doi = {10.1088/1742-6596/2438/1/012093},
  url = {https://dx.doi.org/10.1088/1742-6596/2438/1/012093},
  year = {2023},
  _month = {feb},
  publisher = {IOP Publishing},
  volume = {2438},
  number = {1},
  _pages = {012093},
  author = {Kerstin Borras and Su Yeon Chang and Lena Funcke and Michele Grossi and Tobias Hartung and Karl Jansen and Dirk Kruecker and Stefan Kühn and Florian Rehm and Cenk Tüysüz and Sofia Vallecorsa},
  title = {Impact of quantum noise on the training of quantum Generative Adversarial Networks},
  journal = {Journal of Physics: Conf. Series},
}

@mastersthesis{kurella18,
  title={Systematic literature review: Cost estimation in relational databases},
  author={Kurella, Rohith Kumar},
  year={2018},
  school={University of Magdeburg},
  url={https://wwwiti.cs.uni-magdeburg.de/iti_db/publikationen/ps/auto/thesisKurella18.pdf}
}

@misc{bowles24,
  title={Better than classical? The subtle art of benchmarking quantum machine learning models}, 
  author={Joseph Bowles and Shahnawaz Ahmed and Maria Schuld},
  year={2024},
  eprint={2403.07059},
  archivePrefix={arXiv},
  primaryClass={quant-ph}
}

@inproceedings{mauerer:22:q-saner,
 author = {Mauerer, Wolfgang and Scherzinger, Stefanie},
 booktitle = {IEEE International Conference on Software Analysis, Evolution and Reengineering (SANER)},
 doi = {10.1109/SANER53432.2022.00148},
 entrysubtype = {Workshop},
 number = {},
 _pages = {1247-1248},
 title = {1-2-3 Reproducibility for Quantum Software Experiments},
 userc = {CORE22:A},
 userd = {SANER '22},
 volume = {},
 year = {2022}
}

@inproceedings{periyasamy:2024,
    title={Guided-SPSA: Simultaneous Perturbation Stochastic
Apprimation assisted by the Parameter Shift Rule},
    author={Maniraman Periyasamy and Axel Plinge and Christopher Mutschler and Daniel D. Scherer and Wolfgang Mauerer},
    year={2024},
    eprint={2404.15751},
    archivePrefix={arXiv},
    primaryClass={quant-ph},
    booktitle={IEEE Int. Conf. on Quantum Computing and Engineering (QCE)},
}

@ARTICLE{Spall92,
  author={Spall, J.C.},
  journal={IEEE Transactions on Automatic Control}, 
  title={Multivariate stochastic approximation using a simultaneous perturbation gradient approximation}, 
  year={1992},
  volume={37},
  number={3},
  _pages={332-341},
  doi={10.1109/9.119632}}

@misc{bittel2022fast,
      title={Fast gradient estimation for variational quantum algorithms}, 
      author={Lennart Bittel and Jens Watty and Martin Kliesch},
      year={2022},
      eprint={2210.06484},
      archivePrefix={arXiv},
      primaryClass={quant-ph}
}

@article{Stokes_2020,
   title={Quantum Natural Gradient},
   volume={4},
   ISSN={2521-327X},
   url={http://dx.doi.org/10.22331/q-2020-05-25-269},
   DOI={10.22331/q-2020-05-25-269},
   journal={Quantum},
   publisher={Verein zur Forderung des Open Access Publizierens in den Quantenwissenschaften},
   author={Stokes, James and Izaac, Josh and Killoran, Nathan and Carleo, Giuseppe},
   year={2020},
   _month=may, _pages={269} 
}

@article{Dean:2013,
author = {Dean, Jeffrey and Barroso, Luiz Andr\'{e}},
title = {The tail at scale},
year = {2013},
issue_date = {February 2013},
publisher = {Association for Computing Machinery},
address = {New York, NY, USA},
volume = {56},
number = {2},
issn = {0001-0782},
url = {https://doi.org/10.1145/2408776.2408794},
doi = {10.1145/2408776.2408794},
abstract = {Software techniques that tolerate latency variability are vital to building responsive large-scale Web services.},
journal = {Commun. ACM},
_month = {feb},
_pages = {74–80},
numpages = {7}
}
